% refs.bib — PMB (standalone bibliography)

@book{Durrett2019,
  author    = {Durrett, Rick},
  title     = {Probability: Theory and Examples},
  edition   = {5th},
  publisher = {Cambridge University Press},
  address   = {Cambridge, UK},
  year      = {2019}
}

@book{Ross2014,
  author    = {Ross, Sheldon M.},
  title     = {Introduction to Probability Models},
  edition   = {11th},
  publisher = {Academic Press},
  address   = {Boston, MA},
  year      = {2014}
}

@book{BoydVandenberghe2004,
  author    = {Boyd, Stephen and Vandenberghe, Lieven},
  title     = {Convex Optimization},
  publisher = {Cambridge University Press},
  address   = {Cambridge, UK},
  year      = {2004}
}

@book{IbarakiKatoh1988,
  author    = {Ibaraki, Toshihide and Katoh, Naoki},
  title     = {Resource Allocation Problems: Algorithmic Approaches},
  publisher = {MIT Press},
  address   = {Cambridge, MA},
  year      = {1988}
}

@article{Auer2002,
  author  = {Auer, Peter and Cesa-Bianchi, Nicol{\`o} and Fischer, Paul},
  title   = {Finite-time analysis of the multiarmed bandit problem},
  journal = {Machine Learning},
  year    = {2002},
  volume  = {47},
  number  = {2-3},
  pages   = {235--256}
}

@inproceedings{AgrawalGoyal2012,
  author    = {Agrawal, Shipra and Goyal, Navin},
  title     = {Analysis of Thompson Sampling for the Multi-armed Bandit Problem},
  booktitle = {Advances in Neural Information Processing Systems (NeurIPS)},
  year      = {2012}
}

@inproceedings{GarivierCappe2011,
  author    = {Garivier, Aur{\'e}lien and Capp{\'e}, Olivier},
  title     = {The KL-UCB Algorithm for Bounded Stochastic Bandits and Beyond},
  booktitle = {Proceedings of the 24th Annual Conference on Learning Theory (COLT)},
  year      = {2011}
}

@article{Anantharam1987,
  author  = {Anantharam, Vaidyanathan and Varaiya, Pravin and Walrand, Jean},
  title   = {Asymptotically efficient allocation rules for the multiarmed bandit problem with multiple plays—Part I: I.I.D. rewards},
  journal = {IEEE Transactions on Automatic Control},
  year    = {1987},
  volume  = {32},
  number  = {11},
  pages   = {968--976}
}

@book{MeynTweedie2009,
  author    = {Meyn, Sean P. and Tweedie, Richard L.},
  title     = {Markov Chains and Stochastic Stability},
  edition   = {2nd},
  publisher = {Cambridge University Press},
  address   = {Cambridge, UK},
  year      = {2009}
}

@book{RubinsteinKroese2004,
  author    = {Rubinstein, Reuven Y. and Kroese, Dirk P.},
  title     = {The Cross-Entropy Method: A Unified Approach to Combinatorial Optimization, Monte-Carlo Simulation and Machine Learning},
  publisher = {Springer},
  address   = {New York},
  year      = {2004}
}

@inproceedings{GlassermanHeidelbergerShahabuddin1999,
  author    = {Glasserman, Paul and Heidelberger, Philip and Shahabuddin, Phaedon},
  title     = {Splitting for Rare Event Simulation: Analysis of Simple Cases},
  booktitle = {Proceedings of the 1999 Winter Simulation Conference},
  year      = {1999},
  pages     = {302--308}
}
